@inproceedings{wang2015deep,
  title={Deep people counting in extremely dense crowds},
  author={Wang, Chuan and Zhang, Hua and Yang, Liang and Liu, Si and Cao, Xiaochun},
  booktitle={Proceedings of the 23rd ACM international conference on Multimedia},
  pages={1299--1302},
  year={2015},
  organization={ACM}
}

@inproceedings{zhang2016single,
  title={Single-image crowd counting via multi-column convolutional neural network},
  author={Zhang, Yingying and Zhou, Desen and Chen, Siqin and Gao, Shenghua and Ma, Yi},
  booktitle={Proceedings of the IEEE Conference on Computer Vision and Pattern Recognition},
  pages={589--597},
  year={2016}
}

@inproceedings{shang2016end,
  title={End-to-end crowd counting via joint learning local and global count},
  author={Shang, Chong and Ai, Haizhou and Bai, Bo},
  booktitle={Image Processing (ICIP), 2016 IEEE International Conference on},
  pages={1215--1219},
  year={2016},
  organization={IEEE}
}

